@article{wang2014genetic,
  title={Genetic screens in human cells using the CRISPR-Cas9 system},
  author={Wang, Tim and Wei, Jenny J and Sabatini, David M and Lander, Eric S},
  journal={Science},
  volume={343},
  number={6166},
  pages={80--84},
  year={2014},
  publisher={American Association for the Advancement of Science}
}

@MISC{Hao:gidmaps:2014,
  author = {Hao, Z. and AghaKouchak, A. and Nakhjiri, N. and Farahmand, A},
  year = {2014},
  title = {Global integrated drought monitoring and prediction system ({GIDMaPS}) data sets},
  howpublished = {\emph{figshare} \url{http://dx.doi.org/10.6084/m9.figshare.853801}}
}
